<?xml version="1.0" encoding="utf-8"?>
<record xmlns="http://www.loc.gov/MARC21/slim" xmlns:xsi="http://www.w3.org/2001/XMLSchema-instance" xsi:schemaLocation="http://www.loc.gov/MARC21/slim http://www.loc.gov/standards/marcxml/schema/MARC21slim.xsd">
	<leader>     nam a22        4500</leader>
	<controlfield tag="001">363430</controlfield>
	<controlfield tag="003">NjP</controlfield>
	<controlfield tag="006">m        d        </controlfield>
	<controlfield tag="007">cr cn |||m|||a</controlfield>
	<controlfield tag="008">160623q19001950mr      o     000 0 ara d</controlfield>
	<datafield ind1=" " ind2=" " tag="040">
		<subfield code="a">NNU</subfield>
		<subfield code="b">eng</subfield>
		<subfield code="e">rda</subfield>
		<subfield code="c">NNU</subfield>
	</datafield>
	<datafield ind1="1" ind2="4" tag="050">
		<subfield code="a">PJ7765.F37</subfield>
		<subfield code="b">I45 1950</subfield>
	</datafield>
	<datafield ind1="1" ind2=" " tag="100">
		<subfield code="6">880-01</subfield>
		<subfield code="a">Fāsī, ʻAbd al-Wāḥid ibn Muḥammad,</subfield>
		<subfield code="d">1758 or 1759-1798 or 1799.</subfield>
	</datafield>
	<datafield ind1="1" ind2="0" tag="245">
		<subfield code="6">880-02</subfield>
		<subfield code="a">Ighāthat al-lahfān wa-salwat al-humūm wa-al-aḥzān bi-al-Qadirīyīn ʻiẓām al-shaʼn /</subfield>
		<subfield code="c">li-Abī Muḥammad sīdī ʻAbd al-Wāḥid ibn Muḥammad ibn Aḥmad ibn Muḥammad ibn ʻAbd al-Qādir al-Fāsī.</subfield>
	</datafield>
	<datafield ind1=" " ind2=" " tag="260">
		<subfield code="6">880-03</subfield>
		<subfield code="a">[Fez, Morocco] :</subfield>
		<subfield code="b">[publisher not identified],</subfield>
		<subfield code="c">[19--?]</subfield>
		<subfield code="e">(Tūnis :</subfield>
		<subfield code="f">Maṭbaʻat al-Sharīf)</subfield>
	</datafield>
	<datafield ind1=" " ind2=" " tag="300">
		<subfield code="a">online resource (25 pages)</subfield>
	</datafield>
	<datafield ind1=" " ind2=" " tag="336">
		<subfield code="a">text</subfield>
		<subfield code="2">rdacontent</subfield>
	</datafield>
	<datafield ind1=" " ind2=" " tag="337">
		<subfield code="a">computer</subfield>
		<subfield code="2">rdamedia</subfield>
	</datafield>
	<datafield ind1=" " ind2=" " tag="338">
		<subfield code="a">online resource</subfield>
		<subfield code="2">rdacarrier</subfield>
	</datafield>
	<datafield ind1=" " ind2=" " tag="500">
		<subfield code="a">Poems.</subfield>
	</datafield>
	<datafield ind1=" " ind2=" " tag="500">
		<subfield code="a">Part of the Arabic Collections Online (ACO) project, contributed by Princeton University Libraries.</subfield>
	</datafield>
	<datafield ind1=" " ind2=" " tag="533">
		<subfield code="a">Electronic reproduction.</subfield>
		<subfield code="b">New York, N.Y. :</subfield>
		<subfield code="c">New York University,</subfield>
		<subfield code="d">2016.</subfield>
		<subfield code="5">NNU</subfield>
	</datafield>
	<datafield ind1=" " ind2="7" tag="655">
		<subfield code="a">Poetry.</subfield>
		<subfield code="2">lcgft</subfield>
	</datafield>
	<datafield ind1="2" ind2=" " tag="710">
		<subfield code="a">Princeton University.</subfield>
		<subfield code="b">Library.</subfield>
	</datafield>
	<datafield ind1="0" ind2=" " tag="730">
		<subfield code="a">Arabic Collections Online.</subfield>
	</datafield>
	<datafield ind1="0" ind2="8" tag="776">
		<subfield code="i">Online version:</subfield>
		<subfield code="a">Fāsī, ʻAbd al-Wāḥid ibn Muḥammad, 1758 or 9-1798 or 9.</subfield>
		<subfield code="t">Ighāthat al-lahfān wa-salwat al-humūm wa-al-aḥzān bi-al-Qadirīyīn ʻiẓām al-shaʼn.</subfield>
		<subfield code="d">[Fez, Morocco: s.n., 19--?] (Tūnis : Maṭbaʻat al-Sharīf)</subfield>
		<subfield code="w">(OCoLC)657021962</subfield>
	</datafield>
	<datafield ind1="0" ind2="8" tag="776">
		<subfield code="i">Print version:</subfield>
		<subfield code="a">Fāsī, ʻAbd al-Wāḥid ibn Muḥammad, 1758 or 1759-1798 or 1799.</subfield>
		<subfield code="t">Ighāthat al-lahfān wa-salwat al-humūm wa-al-aḥzān bi-al-Qadirīyīn ʻiẓām al-shaʼn</subfield>
		<subfield code="w">(NjP)363430</subfield>
		<subfield code="w">(OCoLC)27947894</subfield>
	</datafield>
	<datafield ind1="4" ind2="0" tag="856">
		<subfield code="u">http://hdl.handle.net/2333.1/vhhmgv76</subfield>
	</datafield>
	<datafield ind1="1" ind2=" " tag="880">
		<subfield code="6">100-01/r</subfield>
		<subfield code="a">فاسي، عبد الواحد بن محمد،</subfield>
		<subfield code="d">1758 or 1759-1798 or 1799.</subfield>
	</datafield>
	<datafield ind1="1" ind2="0" tag="880">
		<subfield code="6">245-02/r</subfield>
		<subfield code="a">اغاثة اللهفان وسلوة الهموم والاحزان بالقادريين عظام الشان /</subfield>
		<subfield code="c">لابي محمد سيدي عبد الواحد بن محمد بن أحمد بن محمد بن عبد القادر الفاسي.</subfield>
	</datafield>
	<datafield ind1=" " ind2=" " tag="880">
		<subfield code="6">260-03/r</subfield>
		<subfield code="a">[فاس، المغرب] :</subfield>
		<subfield code="b">[publisher not identified]،</subfield>
		<subfield code="c">[19--?]</subfield>
		<subfield code="e">(تونس :</subfield>
		<subfield code="f">مطبعة الشريف)</subfield>
	</datafield>
	<datafield ind1=" " ind2=" " tag="959">
		<subfield code="a">NNU</subfield>
		<subfield code="b">WEB</subfield>
		<subfield code="c">GENI</subfield>
		<subfield code="t">0</subfield>
		<subfield code="m">Electronic access</subfield>
		<subfield code="s">01</subfield>
	</datafield>
	<datafield ind1=" " ind2=" " tag="999">
		<subfield code="i">NjP_363430</subfield>
		<subfield code="o">(OCoLC)ocm27947894</subfield>
		<subfield code="s">princeton_aco000306</subfield>
		<subfield code="s">princeton_aco000307</subfield>
		<subfield code="s">princeton_aco000341</subfield>
		<subfield code="e">(ERROR-880)</subfield>
		<subfield code="s">princeton_aco000306</subfield>
		<subfield code="s">princeton_aco000307</subfield>
		<subfield code="s">princeton_aco000341</subfield>
	</datafield>
</record>
